<mx:record xmlns="http://www.w3.org/TR/xhtml1/strict" xmlns:mx="http://www.loc.gov/MARC21/slim" xmlns:xsi="http://www.w3.org/2001/XMLSchema-instance"><mx:leader>00000nz   2200000n  4500</mx:leader><mx:controlfield tag="001">oca04966662 </mx:controlfield><mx:controlfield tag="005">19990415051032.1</mx:controlfield><mx:controlfield tag="008">990412n| acannaab|          |a aaa     c</mx:controlfield><mx:datafield ind1=" " ind2=" " tag="010"><mx:subfield code="a">nr 99011706 </mx:subfield></mx:datafield><mx:datafield ind1=" " ind2=" " tag="040"><mx:subfield code="a">UPB</mx:subfield><mx:subfield code="b">eng</mx:subfield><mx:subfield code="c">UPB</mx:subfield></mx:datafield><mx:datafield ind1="0" ind2=" " tag="100"><mx:subfield code="a">Pseudo-Seneca</mx:subfield></mx:datafield><mx:datafield ind1="1" ind2=" " tag="500"><mx:subfield code="a">Seneca, Lucius Annaeus,</mx:subfield><mx:subfield code="d">ca. 4 B.C.-65 A.D.</mx:subfield></mx:datafield><mx:datafield ind1=" " ind2=" " tag="670"><mx:subfield code="a">Hope the deceiver : Pseudo-Seneca De spe (Anth. Lat. 415 Riese), 1998</mx:subfield></mx:datafield><mx:datafield ind1=" " ind2=" " tag="999"><mx:subfield code="a">120.4159</mx:subfield></mx:datafield></mx:record>